@techreport{C++Standard,
	author		= "C++ Standards Committee",
	title		= "{ISO/IEC} 14882:2003 {P}rogramming {L}anguages---{C++}",
	year		= 2003,
	institution = "ISO",
}

@book{IOStreams,
	title		= "Standard {C++} {IOStreams} and {Locales}",
	author		= "Angelika Langer and Klaus Kreft",
	year		= 2000,
	publisher	= "Addison-Wesley",
}

@book{StandardLibrary,
	title		= "The {C++} {S}tandard {L}ibrary: A tutorial and reference",
	author		= "Nicolai M. Josuttis",
	year		= 1999,
	publisher	= "Addison-Wesley",
}
