@techreport{C++Standard,
	author		= "C++ Standards Committee",
	title		= "{ISO/IEC} 14882:2003 {P}rogramming {L}anguages---{C++}",
	year		= 2003,
	institution = "ISO",
}

@book{IOStreams,
	title		= "Standard {C++} {IOStreams} and {Locales}",
	author		= "Angelika Langer and Klaus Kreft",
	year		= 2000,
	publisher	= "Addison-Wesley",
}

@book{StandardLibrary,
	title		= "The {C++} {S}tandard {L}ibrary: A tutorial and reference",
	author		= "Nicolai M. Josuttis",
	year		= 1999,
	publisher	= "Addison-Wesley",
}

@book{Templates,
	title		= "{C++} {T}emplates: {T}he {C}omplete {G}uide",
	author		= "David Vandevoorde and Nicolai M. Josuttis",
	year		= 2002,
	publisher	= "Addison-Wesley",
}
    
@book{DesignPatterns,
	title		= "{D}esign {P}atterns: {E}lements of {R}eusable {O}bject-{O}riented {S}oftware",
	author		= "Erich Gamma and Richard Helm and Ralph Johnson and John Vlissides",
	year		= 1995,
	publisher	= "Addison-Wesley",
}
	
